% -*- coding: utf-8 -*-

@book{morris2016infrastructure,
  title={Infrastructure as Code: Managing Servers in the Cloud},
  author={Morris, K.},
  isbn={9781491924358},
  lccn={2016461531},
  url={https://books.google.de/books?id=kOnurQEACAAJ},
  year={2016},
  publisher={O'Reilly Media}
}


@webpage{k8soperator,
  title = {{Operator pattern}},
  author = {{The Kubernetes Authors}},
  publisher = {The Linux Foundation},
  year = {2021},
  url = {https://kubernetes.io/docs/concepts/extend-kubernetes/operator/},
  modifydate = {2021/2/23},
  citedate = {2021/4/15}
}

@webpage{whatisk8s,
  title = {{What is Kubernetes}},
  author = {{The Kubernetes Authors}},
  publisher = {The Linux Foundation},
  year = {2021},
  url = {https://kubernetes.io/docs/concepts/overview/what-is-kubernetes/},
  modifydate = {2021/2/1},
  citedate = {2021/4/15}
}

@webpage{kustomize,
  title = {{Kustomize vs Helm vs Kubes: Kubernetes Deploy Tools}},
  author = {{Tung Nguyen}},
  year = {2020},
  url = {https://blog.boltops.com/2020/11/05/kustomize-vs-helm-vs-kubes-kubernetes-deploy-tools},
  modifydate = {2020/11/5},
  citedate = {2021/4/15}
}

@webpage{kudovscc,
  title = {{KUDO vs Custom Controllers}},
  author = {{The KUDO Authors}},
  url = {https://kudo.dev/docs/comparison/custom-controllers.html},
  citedate = {2021/4/15}
}

@webpage{k8scontroller,
  title = {{Controllers}},
  author = {{The Kubernetes Authors}},
  publisher = {The Linux Foundation},
  year = {2021},
  url = {https://kubernetes.io/docs/concepts/architecture/controller/},
  modifydate = {2021/2/3},
  citedate = {2021/4/15}
}

@webpage{k8scomponents,
  title = {{Kubernetes components}},
  author = {{The Kubernetes Authors}},
  publisher = {The Linux Foundation},
  year = {2021},
  url = {https://kubernetes.io/docs/concepts/overview/components/},
  modifydate = {2021/3/18},
  citedate = {2021/4/15}
}

@online{scalingsqlserver,
  title = {{Scaling sql server 2012}},
  author = {{Glenn Berry}},
  url = {http://www.pass.org/eventdownload.aspx?suid=1902},
  citedate = {2021/4/15}
}

@book{10.5555/1983498,
author = {Sosinsky, Barrie},
title = {Cloud Computing Bible},
year = {2011},
isbn = {9780470903568},
publisher = {Wiley Publishing},
edition = {1st},
abstract = {The complete reference guide to the hot technology of cloud computingIts potential for lowering IT costs makes cloud computing a major force for both IT vendors and users; it is expected to gain momentum rapidly with the launch of Office Web Apps later this year. Because cloud computing involves various technologies, protocols, platforms, and infrastructure elements, this comprehensive reference is just what you need if youll be using or implementing cloud computing.Cloud computing offers significant cost savings by eliminating upfront expenses for hardware and software; its growing popularity is expected to skyrocket when Microsoft introduces Office Web AppsThis comprehensive guide helps define what cloud computing is and thoroughly explores the technologies, protocols, platforms and infrastructure that make it so desirableCovers mobile cloud computing, a significant area due to ever-increasing cell phone and smartphone useFocuses on the platforms and technologies essential to cloud computingAnyone involved with planning, implementing, using, or maintaining a cloud computing project will rely on the information in Cloud Computing Bible.}
}

@article{mell2011nist,
  title={The NIST definition of cloud computing},
  author={Mell, Peter and Grance, Tim and others},
  year={2011},
  publisher={Computer Security Division, Information Technology Laboratory, National~â€¦}
}

@book{k8sconcepts,
  title={{Kubernetes Concepts}},
  author={{The Kubernetes Authors}},
  year={2020},
  publisher={The Linux Foundation}
}

@webpage{ha,
  title = {{Set up High-Availability Kubernetes Masters}},
  author = {{The Kubernetes Authors}},
  publisher = {The Linux Foundation},
  year = {2020},
  url = {https://kubernetes.io/docs/tasks/administer-cluster/highly-available-master/},
  modifydate = {2020/11/19},
  citedate = {2021/4/15}
}

@webpage{problemofoperators,
  title = {{The Runaway Problem of Kubernetes Operators and Dependency Lifecycles}},
  author = {{Mary Branscombe}},
  year = {2020},
  url = {https://thenewstack.io/the-runaway-problem-of-kubernetes-operators-and-dependency-lifecycles/},
  modifydate = {2020/8/18},
  citedate = {2021/4/15}
}



@webpage{operators,
  title = {{Kubernetes operators}},
  author = {{coreos.com}},
  year = {2020},
  url = {https://coreos.com/operators/},
  citedate = {2021/4/15}
}

@webpage{dockerredhat,
  title = {{Docker and red hat announce major alliance}},
  author = {{The Docker Company}},
  year = {2014},
  url = {https://www.redhat.com/zh/about/press-releases/docker-and-red-hat-expand-collaboration-around-container-technologies},
  modifydate = {2014/4/15},
  citedate = {2021/4/15}
}

@webpage{statefulsetupdate,
  title = {{implements StatefulSet update}},
  author = {{GitHub User Kenneth Owens}},
  year = {2017},
  url = {https://github.com/kubernetes/kubernetes/pull/46669},
  modifydate = {2017/6/7},
  citedate = {2021/4/15}
}

@book{dobies2020kubernetes,
  title={Kubernetes Operators: Automating the Container Orchestration Platform},
  author={Dobies, J. and Wood, J.},
  isbn={9781492048015},
  url={https://books.google.com/books?id=Kf3RDwAAQBAJ},
  year={2020},
  publisher={O'Reilly Media}
}

@online{whatisiac,
  title={{What is Infrastructure as Code}},
  author={Tomas Fernandez},
  url = {https://blog.stackpath.com/infrastructure-as-code-explainer/},
  citedate = {2021-04-15}
}

@online{gitops0,
  title={{gitops is continuous deployment for cloud native applications}},
  author={{Simon Harrer Florian Beetz, Anja Kammer}},
  url = {https://www.gitops.tech/},
  citedate = {2021-04-15}
}

@online{gitops1,
  title={{Gitops - operations by pull request}},
  author={{Alexis Richardson}},
  url = {https://www.weave.works/blog/gitops-operation s-by-pull-request},
  citedate = {2021-04-15}
}



@online{introk8s,
  title={{An Introduction to Kubernetes}},
  author={Justin Ellingwood},
  url = {https://www.digitalocean.com/community/tutorials/an-introduction-to-kubernetes},
  citedate = {2021-04-15}
}

@online{controllerclientgo,
  title={{kubernetes/client-go}},
  author={{The Kubernetes Authors}},
  url={https://github.com/kubernetes/client-go},
  citedate = {2021-04-15}
}

@online{controllerruntimedoc,
  title={{Controller Runtime Documentation}},
  url={https://godoc.org/github.com/kubernetes-sigs/controller-runtime/pkg},
  citedate = {2021-04-15}
}

@online{k8s-sigs,
  title={{Repo for the controller-runtime subproject of kubebuilder (sig-apimachinery)}},
  author={{github.com/kubernetes-sigs}}
  url={http s://github.com/kubernetes-sigs/controller-runtime},
  citedate = {2021-04-15}
}


@online{informer,
  title={{Stay informed with kubernetes informers}},
  author={{Bobby Tables}},
  url={https://www.firehydrant.io/blog/stay-informed-with-kubernetes-informers/},
  citedate = {2021-04-15}
}

@online{clientgo,
  title={{client-go under the hood}},
  author={The Kubernetes Authors},
  url={https://github.com/kubernetes/sample-controller/blob/master/docs/controller-client-go.md},
  citedate = {2021-04-15}
}

@inproceedings{Endres2017DeclarativeVI,
  title={Declarative vs. Imperative: Two Modeling Patterns for the Automated Deployment of Applications},
  author={Christian Endres and Uwe Breitenb{\"u}cher and Michael Falkenthal and Oliver Kopp and F. Leymann and Johannes Wettinger},
  year={2017}
}

@online{openshiftk8s,
  title={{OpenShift and Kubernetes: Where We've Been and Where We're Going Part 1}},
  author={{Joe Fernandes}},
  url = {https://www.openshift.com/blog/openshift-kubernetes-where-weve-been-and-where-were-going-part-1},
  citedate = {2021-04-15}
}

@online{tiobe,
  title={{TIOBE Index | TIOBE - The Software Quality Company}},
  author={{TIOBE Software BV}},
  url = {https://www.tiobe.com/tiob e-index/},
  citedate = {2021-04-15}
}

@article{futurecontainer,
  title={Lightning talk - the future of linux containers},
  author={Solomon Hykes},
  journal={PyCon},
  year={2013},
}

@online{operatorbestpractices,
  title={{Kubernetes Operators Best Practices}},
  author={Raffaele Spazzoli},
  url = {https://www.openshift.com/blog/kubernetes-operators-best-practices},
  citedate = {2021-04-15}
}


@article{futurecontainer,
  title={Lightning talk - the future of linux containers},
  author={Solomon Hykes},
  journal={PyCon},
  year={2013},
}

@article{k8sorigin,
  title={From Google to the world: the Kubernetes origin story},
  author={Craig McLuckie},
  journal={Google Cloud Blog},
  year={2016}
}

@webpage{googleopen,
  title = {{Google open sources its secret weapon in cloud computing}},
  author = {{Cade Metz}},
  year = {2014},
  url = {https://www.wired.com/2014/06/google-kubernetes/},
  modifydate = {2014/6/10},
  citedate = {2021/4/15}
}

@webpage{zalando,
  title = {{From Monolith to Microservices, Zalando's Journey}},
  author = {{Alex Giamas}},
  year = {2016},
  url = {https://www.infoq.com/news/2016/02/Monolith-Microservices-Zalando/},
  modifydate = {2016/2/11},
  citedate = {2021/4/15}
}

@webpage{netflix,
  title = {{Adopting Microservices at Netflix: Lessons for Architectural Design}},
  author = {{Tony Mauro}},
  year = {2015},
  url = {https://www.nginx.com/blog/microservices-at-netflix-architectural-best-practices/},
  modifydate = {2015/2/19},
  citedate = {2021/4/15}
}

@webpage{redhatcoreos,
  title = {{Red Hat to Acquire CoreOS, Expanding its Kubernetes and Containers Leadership}},
  author = {{Red Hat Press Office}},
  year = {2018},
  url = {https://www.redhat.com/en/about/press-releases/red-hat-acquire-coreos-expanding-its-kubernetes-and-containers-leadership},
  modifydate = {2018/1/30},
  citedate = {2021/4/15}
}

@article{cloudcontainertech,  author={Pahl, Claus and Brogi, Antonio and Soldani, Jacopo and Jamshidi, Pooyan},  journal={IEEE Transactions on Cloud Computing},   title={Cloud Container Technologies: A State-of-the-Art Review},   year={2019},  volume={7},  number={3},  pages={677-692},  doi={10.1109/TCC.2017.2702586}
}


@webpage{introoperatorframework,
  title = {{Introducing the Operator Framework: Building Apps on Kubernetes}},
  author = {{Brandon Philips}},
  year = {2018},
  url = {https://www.redhat.com/en/blog/introducing-operator-framework-building-apps-kubernetes},
  modifydate = {2018/5/1},
  citedate = {2021/4/15}
}

@book{gorillaguide,
  title={The Gorilla Guide to Kubernetes in the Enterprise},
  author={Joep Piscaer},
  year={2019},
  publisher={ActualTech Media in collaboration with Platform9}
}

@inproceedings{inproceedings,
author = {Turin, Gianluca and Borgarelli, Andrea and Donetti, Simone and Johnsen, Einar Broch and Tarifa, Silvia and Damiani, Ferruccio},
year = {2020},
month = {10},
pages = {},
title = {A Formal Model of the Kubernetes Container Framework},
isbn = {978-3-030-61361-7},
doi = {10.1007/978-3-030-61362-4_32}
}

@article{7036275,  author={Bernstein, David},  journal={IEEE Cloud Computing},   title={Containers and Cloud: From LXC to Docker to Kubernetes},   year={2014},  volume={1},  number={3},  pages={81-84},  doi={10.1109/MCC.2014.51}
}

@inproceedings{Luka2018KubernetesIA,
  title={Kubernetes in Action: Anwendungen in Kubernetes-Clustern bereitstellen und verwalten},
  author={Marko Luka},
  year={2018}
}

@inproceedings{10.1145/2806777.2809955,
author = {Brewer, Eric A.},
title = {Kubernetes and the Path to Cloud Native},
year = {2015},
isbn = {9781450336512},
publisher = {Association for Computing Machinery},
address = {New York, NY, USA},
url = {https://doi.org/10.1145/2806777.2809955},
doi = {10.1145/2806777.2809955},
abstract = {We are in the midst of an important shift to higher levels of abstraction than virtual machines. Kubernetes aims to simplify the deployment and management of services, including the construction of applications as sets of interacting but independent services. We explain some of the key concepts in Kubernetes and show how they work together to simplify evolution and scaling.},
booktitle = {Proceedings of the Sixth ACM Symposium on Cloud Computing},
pages = {167},
numpages = {1},
location = {Kohala Coast, Hawaii},
series = {SoCC '15}
}

@conference {240868,
author = {Ryan Jarvinen},
title = {Extending Kubernetes with the Operator Pattern},
year = {2019},
address = {Portland, OR},
publisher = {{USENIX} Association},
month = oct,
}

@book{ibryam2019kubernetes,
  title={Kubernetes Patterns: Reusable Elements for Designing Cloud-Native Applications},
  author={Ibryam, B. and Hu{\ss}, R.},
  isbn={9781492050254},
  lccn={2018277340},
  url={https://books.google.com.tw/books?id=8WmRDwAAQBAJ},
  year={2019},
  publisher={O'Reilly Media}
}

@book{hausenblas2019programming,
  title={Programming Kubernetes: Developing Cloud-Native Applications},
  author={Hausenblas, M. and Schimanski, S.},
  isbn={9781492047070},
  url={https://books.google.com/books?id=7VKjDwAAQBAJ},
  year={2019},
  publisher={O'Reilly Media}
}

@book{burns2019kubernetes,
  title={Kubernetes Best Practices: Blueprints for Building Successful Applications on Kubernetes},
  author={Burns, B. and Villalba, E. and Strebel, D. and Evenson, L.},
  isbn={9781492056447},
  url={https://books.google.com/books?id=Cju-DwAAQBAJ},
  year={2019},
  publisher={O'Reilly Media}
}

@book{burns2019kubernetes,
  title={Kubernetes: Up and Running: Dive into the Future of Infrastructure},
  author={Burns, B. and Beda, J. and Hightower, K.},
  isbn={9781492046509},
  url={https://books.google.com/books?id=-5izDwAAQBAJ},
  year={2019},
  publisher={O'Reilly Media}
}

@book{fleming2018kubernetes,
  title={Kubernetes Handbook: Non-Programmer's Guide To Deploy Applications With Kubernetes},
  author={Fleming, S.},
  isbn={9781724693266},
  url={https://books.google.com/books?id=Z23RugEACAAJ},
  year={2018},
  publisher={CreateSpace Independent Publishing Platform}
}

@book{sutter2020knative,
  title={Knative Cookbook: Building Effective Serverless Applications with Kubernetes and OpenShift},
  author={Sutter, B. and Sampath, K.},
  isbn={9781492077756},
  url={https://books.google.com/books?id=RIziDwAAQBAJ},
  year={2020},
  publisher={O'Reilly Media}
}

@book{dobies2020operadores,
  title={Operadores do Kubernetes: Automatizando a plataforma de orquestra{\c{c}}{\~a}o de cont{\^e}ineres},
  author={Dobies, J. and Wood, J.},
  isbn={9786586057201},
  url={https://books.google.com/books?id=HnjpDwAAQBAJ},
  year={2020},
  publisher={Novatec Editora}
}

@book{raul2021cloud,
  title={Cloud Native with Kubernetes: Deploy, configure, and run modern cloud native applications on Kubernetes},
  author={Raul, A.},
  isbn={9781838820008},
  url={https://books.google.com/books?id=omYNEAAAQBAJ},
  year={2021},
  publisher={Packt Publishing}
}

